{"winner":"Necromancer777","seed":[23846,30415,30374,54698],"turns":30,"p1":"BlueBlastBurn2","p2":"Necromancer777","p1team":[{"name":"Bronzong","species":"Bronzong","gender":"N","moves":["lightscreen","earthquake","toxic","gyroball"],"ability":"Levitate","evs":{"hp":85,"atk":85,"def":85,"spa":85,"spd":85,"spe":0},"ivs":{"hp":31,"atk":31,"def":31,"spa":31,"spd":31,"spe":0},"item":"Leftovers","level":84,"shiny":false},{"name":"Manaphy","species":"Manaphy","gender":"N","moves":["energyball","surf","psychic","icebeam"],"ability":"Hydration","evs":{"hp":85,"atk":0,"def":85,"spa":85,"spd":85,"spe":85},"ivs":{"hp":31,"atk":0,"def":31,"spa":31,"spd":31,"spe":31},"item":"Choice Specs","level":80,"shiny":false},{"name":"Pangoro","species":"Pangoro","gender":"","moves":["knockoff","superpower","partingshot","gunkshot"],"ability":"Mold Breaker","evs":{"hp":85,"atk":85,"def":85,"spa":85,"spd":85,"spe":85},"ivs":{"hp":31,"atk":31,"def":31,"spa":31,"spd":31,"spe":31},"item":"Life Orb","level":84,"shiny":false},{"name":"Electivire","species":"Electivire","gender":"","moves":["flamethrower","crosschop","earthquake","wildcharge"],"ability":"Motor Drive","evs":{"hp":85,"atk":85,"def":85,"spa":85,"spd":85,"spe":85},"ivs":{"hp":31,"atk":31,"def":31,"spa":31,"spd":31,"spe":31},"item":"Expert Belt","level":86,"shiny":false},{"name":"Darmanitan","species":"Darmanitan","gender":"","moves":["superpower","uturn","rockslide","flareblitz"],"ability":"Sheer Force","evs":{"hp":85,"atk":85,"def":85,"spa":85,"spd":85,"spe":85},"ivs":{"hp":31,"atk":31,"def":31,"spa":31,"spd":31,"spe":31},"item":"Life Orb","level":82,"shiny":false},{"name":"Delcatty","species":"Delcatty","gender":"","moves":["wildcharge","fakeout","healbell","doubleedge"],"ability":"Wonder Skin","evs":{"hp":85,"atk":85,"def":85,"spa":85,"spd":85,"spe":85},"ivs":{"hp":31,"atk":31,"def":31,"spa":31,"spd":31,"spe":31},"item":"Life Orb","level":88,"shiny":false}],"p2team":[{"name":"Purugly","species":"Purugly","gender":"","moves":["fakeout","return","knockoff","uturn"],"ability":"Thick Fat","evs":{"hp":85,"atk":85,"def":85,"spa":85,"spd":85,"spe":85},"ivs":{"hp":31,"atk":31,"def":31,"spa":31,"spd":31,"spe":31},"item":"Life Orb","level":88,"shiny":false},{"name":"Hydreigon","species":"Hydreigon","gender":"","moves":["roost","dragonpulse","flashcannon","darkpulse"],"ability":"Levitate","evs":{"hp":85,"atk":0,"def":85,"spa":85,"spd":85,"spe":85},"ivs":{"hp":31,"atk":0,"def":31,"spa":31,"spd":31,"spe":31},"item":"Life Orb","level":82,"shiny":false},{"name":"Alomomola","species":"Alomomola","gender":"","moves":["toxic","protect","knockoff","scald"],"ability":"Regenerator","evs":{"hp":85,"atk":85,"def":85,"spa":85,"spd":85,"spe":85},"ivs":{"hp":31,"atk":31,"def":31,"spa":31,"spd":31,"spe":31},"item":"Leftovers","level":84,"shiny":false},{"name":"Gallade","species":"Gallade","gender":"M","moves":["closecombat","knockoff","swordsdance","substitute"],"ability":"Justified","evs":{"hp":85,"atk":85,"def":85,"spa":85,"spd":85,"spe":85},"ivs":{"hp":31,"atk":31,"def":31,"spa":31,"spd":31,"spe":31},"item":"Galladite","level":82,"shiny":false},{"name":"Ho-Oh","species":"Ho-Oh","gender":"N","moves":["bravebird","roost","toxic","sacredfire"],"ability":"Regenerator","evs":{"hp":81,"atk":85,"def":85,"spa":85,"spd":85,"spe":85},"ivs":{"hp":31,"atk":31,"def":31,"spa":31,"spd":31,"spe":31},"item":"Leftovers","level":76,"shiny":false},{"name":"Grumpig","species":"Grumpig","gender":"","moves":["toxic","healbell","psychic","focusblast"],"ability":"Thick Fat","evs":{"hp":85,"atk":0,"def":85,"spa":85,"spd":85,"spe":85},"ivs":{"hp":31,"atk":0,"def":31,"spa":31,"spd":31,"spe":31},"item":"Leftovers","level":88,"shiny":false}],"score":[0,1],"inputLog":[">start {\"formatid\":\"gen6randombattle\",\"seed\":[23846,30415,30374,54698],\"rated\":\"Rated battle\"}",">player p1 {\"name\":\"BlueBlastBurn2\",\"avatar\":\"169\",\"team\":\"\",\"rating\":1000,\"seed\":[26914,62822,59600,45042]}",">player p2 {\"name\":\"Necromancer777\",\"avatar\":\"palmer\",\"team\":\"\",\"rating\":1045,\"seed\":[58720,40197,57279,7974]}",">chat ☆Necromancer777|>;)",">p1 move toxic",">p2 move fakeout",">chat ☆BlueBlastBurn2|S i g h",">p1 move toxic",">p2 move knockoff",">p1 move gyroball",">p2 move uturn",">p2 switch 2",">chat ☆Necromancer777|I was trying to fight neo",">p1 move toxic",">p2 move darkpulse",">chat ☆Necromancer777|Lmao",">p1 switch 4",">p1 move crosschop",">p2 move roost",">p2 switch 2",">p1 move crosschop",">p2 move fakeout",">p1 move crosschop",">p2 move return",">p2 switch 6",">p1 move wildcharge",">p2 move toxic",">p1 switch 5",">p1 move uturn",">p2 move toxic",">p1 switch 3",">p2 switch 5",">p1 move partingshot",">p2 move toxic",">p1 switch 6",">p1 move fakeout",">p2 move toxic",">p1 move wildcharge",">p2 move toxic",">p1 switch 6",">p2 move roost",">p1 move knockoff",">p2 move toxic",">p1 move knockoff",">p2 move bravebird",">p2 switch 3",">p1 move knockoff",">p2 move protect",">p1 switch 3",">p1 move superpower",">p2 move toxic",">p1 move rockslide",">p2 move scald",">p1 move rockslide",">p2 move protect",">p1 move rockslide",">p2 move toxic",">p1 move rockslide",">p2 move protect",">p1 move rockslide",">p2 move knockoff",">p1 switch 6",">p1 move fakeout",">p2 move protect",">p1 move wildcharge",">p2 move toxic",">p1 move healbell",">p2 move protect",">chat ☆Necromancer777|:]",">p1 move wildcharge",">p2 move knockoff",">p1 switch 2",">p1 move energyball",">p2 move protect",">p1 move energyball",">p2 move knockoff",">p2 switch 4",">p1 move energyball",">p2 move swordsdance mega",">p1 move energyball",">p2 move closecombat"],"log":["|j|☆BlueBlastBurn2","|j|☆Necromancer777","|t:|1613436733","|player|p1|BlueBlastBurn2|169|1000","|player|p2|Necromancer777|palmer|1045","|teamsize|p1|6","|teamsize|p2|6","|gametype|singles","|gen|6","|tier|[Gen 6] Random Battle","|rated|","|rule|Sleep Clause Mod: Limit one foe put to sleep","|rule|HP Percentage Mod: HP is shown in percentages","|","|t:|1613436733","|start","|switch|p1a: Bronzong|Bronzong, L84|250/250","|switch|p2a: Purugly|Purugly, L88, F|268/268","|turn|1","|c|☆Necromancer777|>;)","|","|t:|1613436743","|move|p2a: Purugly|Fake Out|p1a: Bronzong","|-resisted|p1a: Bronzong","|-damage|p1a: Bronzong|227/250","|-damage|p2a: Purugly|242/268|[from] item: Life Orb","|cant|p1a: Bronzong|flinch","|","|-heal|p1a: Bronzong|242/250|[from] item: Leftovers","|upkeep","|turn|2","|c|☆BlueBlastBurn2|S i g h","|","|t:|1613436753","|move|p2a: Purugly|Knock Off|p1a: Bronzong","|-supereffective|p1a: Bronzong","|-damage|p1a: Bronzong|104/250","|-enditem|p1a: Bronzong|Leftovers|[from] move: Knock Off|[of] p2a: Purugly","|-damage|p2a: Purugly|216/268|[from] item: Life Orb","|move|p1a: Bronzong|Toxic|p2a: Purugly","|-status|p2a: Purugly|tox","|","|-damage|p2a: Purugly|200/268 tox|[from] psn","|upkeep","|turn|3","|","|t:|1613436764","|move|p2a: Purugly|U-turn|p1a: Bronzong","|-damage|p1a: Bronzong|53/250","|-damage|p2a: Purugly|174/268 tox|[from] item: Life Orb","|","|t:|1613436771","|switch|p2a: Hydreigon|Hydreigon, L82, F|285/285","|move|p1a: Bronzong|Gyro Ball|p2a: Hydreigon","|-damage|p2a: Hydreigon|194/285","|","|upkeep","|turn|4","|c|☆Necromancer777|I was trying to fight neo","|","|t:|1613436781","|move|p2a: Hydreigon|Dark Pulse|p1a: Bronzong","|-supereffective|p1a: Bronzong","|-damage|p1a: Bronzong|0 fnt","|-damage|p2a: Hydreigon|166/285|[from] item: Life Orb","|faint|p1a: Bronzong","|","|upkeep","|c|☆Necromancer777|Lmao","|","|t:|1613436793","|switch|p1a: Electivire|Electivire, L86, F|269/269","|turn|5","|","|t:|1613436798","|move|p1a: Electivire|Cross Chop|p2a: Hydreigon","|-supereffective|p2a: Hydreigon","|-crit|p2a: Hydreigon","|-damage|p2a: Hydreigon|0 fnt","|faint|p2a: Hydreigon","|","|upkeep","|","|t:|1613436804","|switch|p2a: Purugly|Purugly, L88, F|174/268 tox","|turn|6","|","|t:|1613436809","|move|p2a: Purugly|Fake Out|p1a: Electivire","|-damage|p1a: Electivire|209/269","|-damage|p2a: Purugly|148/268 tox|[from] item: Life Orb","|cant|p1a: Electivire|flinch","|","|-damage|p2a: Purugly|132/268 tox|[from] psn","|upkeep","|turn|7","|","|t:|1613436819","|move|p2a: Purugly|Return|p1a: Electivire","|-damage|p1a: Electivire|41/269","|-damage|p2a: Purugly|106/268 tox|[from] item: Life Orb","|move|p1a: Electivire|Cross Chop|p2a: Purugly","|-supereffective|p2a: Purugly","|-damage|p2a: Purugly|0 fnt","|faint|p2a: Purugly","|","|upkeep","|","|t:|1613436831","|switch|p2a: Grumpig|Grumpig, L88, F|284/284","|turn|8","|","|t:|1613436837","|move|p1a: Electivire|Wild Charge|p2a: Grumpig","|-crit|p2a: Grumpig","|-damage|p2a: Grumpig|86/284","|-damage|p1a: Electivire|0 fnt|[from] Recoil","|faint|p1a: Electivire","|move|p2a: Grumpig|Toxic|p1: Electivire|[notarget]","|-fail|p2a: Grumpig","|","|-heal|p2a: Grumpig|103/284|[from] item: Leftovers","|upkeep","|","|t:|1613436851","|switch|p1a: Darmanitan|Darmanitan, L82, F|306/306","|turn|9","|","|t:|1613436856","|move|p1a: Darmanitan|U-turn|p2a: Grumpig","|-supereffective|p2a: Grumpig","|-damage|p2a: Grumpig|0 fnt","|-damage|p1a: Darmanitan|276/306|[from] item: Life Orb","|faint|p2a: Grumpig","|","|t:|1613436862","|switch|p1a: Pangoro|Pangoro, L84, F|297/297","|-ability|p1a: Pangoro|Mold Breaker","|","|upkeep","|","|t:|1613436870","|switch|p2a: Ho-Oh|Ho-Oh, L76|285/285","|turn|10","|","|t:|1613436884","|move|p2a: Ho-Oh|Toxic|p1a: Pangoro|[miss]","|-miss|p2a: Ho-Oh|p1a: Pangoro","|move|p1a: Pangoro|Parting Shot|p2a: Ho-Oh","|-unboost|p2a: Ho-Oh|atk|1","|-unboost|p2a: Ho-Oh|spa|1","|","|t:|1613436895","|switch|p1a: Delcatty|Delcatty, L88, M|266/266","|","|upkeep","|turn|11","|","|t:|1613436901","|move|p1a: Delcatty|Fake Out|p2a: Ho-Oh","|-damage|p2a: Ho-Oh|233/285","|-damage|p1a: Delcatty|240/266|[from] item: Life Orb","|cant|p2a: Ho-Oh|flinch","|","|-heal|p2a: Ho-Oh|250/285|[from] item: Leftovers","|upkeep","|turn|12","|","|t:|1613436912","|move|p2a: Ho-Oh|Toxic|p1a: Delcatty|[miss]","|-miss|p2a: Ho-Oh|p1a: Delcatty","|move|p1a: Delcatty|Wild Charge|p2a: Ho-Oh","|-supereffective|p2a: Ho-Oh","|-damage|p2a: Ho-Oh|107/285","|-damage|p1a: Delcatty|204/266|[from] Recoil","|-damage|p1a: Delcatty|178/266|[from] item: Life Orb","|","|-heal|p2a: Ho-Oh|124/285|[from] item: Leftovers","|upkeep","|turn|13","|","|t:|1613436924","|switch|p1a: Pangoro|Pangoro, L84, F|297/297","|-ability|p1a: Pangoro|Mold Breaker","|move|p2a: Ho-Oh|Roost|p2a: Ho-Oh","|-heal|p2a: Ho-Oh|267/285","|-singleturn|p2a: Ho-Oh|move: Roost","|","|-heal|p2a: Ho-Oh|284/285|[from] item: Leftovers","|upkeep","|turn|14","|","|t:|1613436935","|move|p2a: Ho-Oh|Toxic|p1a: Pangoro","|-status|p1a: Pangoro|tox","|move|p1a: Pangoro|Knock Off|p2a: Ho-Oh","|-damage|p2a: Ho-Oh|120/285","|-enditem|p2a: Ho-Oh|Leftovers|[from] move: Knock Off|[of] p1a: Pangoro","|-damage|p1a: Pangoro|268/297 tox|[from] item: Life Orb","|","|-damage|p1a: Pangoro|250/297 tox|[from] psn","|upkeep","|turn|15","|","|t:|1613436945","|move|p2a: Ho-Oh|Brave Bird|p1a: Pangoro","|-supereffective|p1a: Pangoro","|-damage|p1a: Pangoro|68/297 tox","|-damage|p2a: Ho-Oh|60/285|[from] Recoil","|move|p1a: Pangoro|Knock Off|p2a: Ho-Oh","|-crit|p2a: Ho-Oh","|-damage|p2a: Ho-Oh|0 fnt","|-damage|p1a: Pangoro|39/297 tox|[from] item: Life Orb","|faint|p2a: Ho-Oh","|","|-damage|p1a: Pangoro|3/297 tox|[from] psn","|upkeep","|","|t:|1613436961","|switch|p2a: Alomomola|Alomomola, L84, M|414/414","|turn|16","|","|t:|1613436969","|move|p2a: Alomomola|Protect|p2a: Alomomola","|-singleturn|p2a: Alomomola|Protect","|move|p1a: Pangoro|Knock Off|p2a: Alomomola","|-activate|p2a: Alomomola|move: Protect","|","|-damage|p1a: Pangoro|0 fnt|[from] psn","|faint|p1a: Pangoro","|upkeep","|","|t:|1613436978","|switch|p1a: Darmanitan|Darmanitan, L82, F|276/306","|turn|17","|","|t:|1613436984","|move|p1a: Darmanitan|Superpower|p2a: Alomomola","|-damage|p2a: Alomomola|254/414","|-unboost|p1a: Darmanitan|atk|1","|-unboost|p1a: Darmanitan|def|1","|-damage|p1a: Darmanitan|246/306|[from] item: Life Orb","|move|p2a: Alomomola|Toxic|p1a: Darmanitan|[miss]","|-miss|p2a: Alomomola|p1a: Darmanitan","|","|-heal|p2a: Alomomola|279/414|[from] item: Leftovers","|upkeep","|turn|18","|","|t:|1613436997","|move|p1a: Darmanitan|Rock Slide|p2a: Alomomola","|-damage|p2a: Alomomola|198/414","|move|p2a: Alomomola|Scald|p1a: Darmanitan","|-supereffective|p1a: Darmanitan","|-damage|p1a: Darmanitan|112/306","|","|-heal|p2a: Alomomola|223/414|[from] item: Leftovers","|upkeep","|turn|19","|","|t:|1613437007","|move|p2a: Alomomola|Protect|p2a: Alomomola","|-singleturn|p2a: Alomomola|Protect","|move|p1a: Darmanitan|Rock Slide|p2a: Alomomola","|-activate|p2a: Alomomola|move: Protect","|","|-heal|p2a: Alomomola|248/414|[from] item: Leftovers","|upkeep","|turn|20","|","|t:|1613437016","|move|p1a: Darmanitan|Rock Slide|p2a: Alomomola|[miss]","|-miss|p1a: Darmanitan|p2a: Alomomola","|move|p2a: Alomomola|Toxic|p1a: Darmanitan","|-status|p1a: Darmanitan|tox","|","|-heal|p2a: Alomomola|273/414|[from] item: Leftovers","|-damage|p1a: Darmanitan|93/306 tox|[from] psn","|upkeep","|turn|21","|","|t:|1613437027","|move|p2a: Alomomola|Protect|p2a: Alomomola","|-singleturn|p2a: Alomomola|Protect","|move|p1a: Darmanitan|Rock Slide|p2a: Alomomola","|-activate|p2a: Alomomola|move: Protect","|","|-heal|p2a: Alomomola|298/414|[from] item: Leftovers","|-damage|p1a: Darmanitan|55/306 tox|[from] psn","|upkeep","|turn|22","|","|t:|1613437038","|move|p1a: Darmanitan|Rock Slide|p2a: Alomomola","|-damage|p2a: Alomomola|219/414","|move|p2a: Alomomola|Knock Off|p1a: Darmanitan","|-damage|p1a: Darmanitan|0 fnt","|-enditem|p1a: Darmanitan|Life Orb|[from] move: Knock Off|[of] p2a: Alomomola","|faint|p1a: Darmanitan","|","|-heal|p2a: Alomomola|244/414|[from] item: Leftovers","|upkeep","|","|t:|1613437046","|switch|p1a: Delcatty|Delcatty, L88, M|178/266","|turn|23","|","|t:|1613437051","|move|p2a: Alomomola|Protect|p2a: Alomomola","|-singleturn|p2a: Alomomola|Protect","|move|p1a: Delcatty|Fake Out|p2a: Alomomola","|-activate|p2a: Alomomola|move: Protect","|","|-heal|p2a: Alomomola|269/414|[from] item: Leftovers","|upkeep","|turn|24","|","|t:|1613437059","|move|p1a: Delcatty|Wild Charge|p2a: Alomomola","|-supereffective|p2a: Alomomola","|-damage|p2a: Alomomola|121/414","|-damage|p1a: Delcatty|141/266|[from] Recoil","|-damage|p1a: Delcatty|115/266|[from] item: Life Orb","|move|p2a: Alomomola|Toxic|p1a: Delcatty","|-status|p1a: Delcatty|tox","|","|-heal|p2a: Alomomola|146/414|[from] item: Leftovers","|-damage|p1a: Delcatty|99/266 tox|[from] psn","|upkeep","|turn|25","|","|t:|1613437071","|move|p2a: Alomomola|Protect|p2a: Alomomola","|-singleturn|p2a: Alomomola|Protect","|move|p1a: Delcatty|Heal Bell|p1a: Delcatty","|-activate|p1a: Delcatty|move: Heal Bell","|-curestatus|p1a: Delcatty|tox|[msg]","|","|-heal|p2a: Alomomola|171/414|[from] item: Leftovers","|upkeep","|turn|26","|c|☆Necromancer777|:]","|","|t:|1613437081","|move|p1a: Delcatty|Wild Charge|p2a: Alomomola","|-supereffective|p2a: Alomomola","|-damage|p2a: Alomomola|23/414","|-damage|p1a: Delcatty|62/266|[from] Recoil","|-damage|p1a: Delcatty|36/266|[from] item: Life Orb","|move|p2a: Alomomola|Knock Off|p1a: Delcatty","|-damage|p1a: Delcatty|0 fnt","|-enditem|p1a: Delcatty|Life Orb|[from] move: Knock Off|[of] p2a: Alomomola","|faint|p1a: Delcatty","|","|-heal|p2a: Alomomola|48/414|[from] item: Leftovers","|upkeep","|","|t:|1613437086","|switch|p1a: Manaphy|Manaphy, L80|291/291","|turn|27","|","|t:|1613437098","|move|p2a: Alomomola|Protect|p2a: Alomomola","|-singleturn|p2a: Alomomola|Protect","|move|p1a: Manaphy|Energy Ball|p2a: Alomomola","|-activate|p2a: Alomomola|move: Protect","|","|-heal|p2a: Alomomola|73/414|[from] item: Leftovers","|upkeep","|turn|28","|","|t:|1613437107","|move|p1a: Manaphy|Energy Ball|p2a: Alomomola","|-supereffective|p2a: Alomomola","|-damage|p2a: Alomomola|0 fnt","|faint|p2a: Alomomola","|","|upkeep","|","|t:|1613437114","|switch|p2a: Gallade|Gallade, L82, M|246/246","|turn|29","|","|t:|1613437119","|detailschange|p2a: Gallade|Gallade-Mega, L82, M","|-mega|p2a: Gallade|Gallade|Galladite","|move|p1a: Manaphy|Energy Ball|p2a: Gallade","|-damage|p2a: Gallade|169/246","|move|p2a: Gallade|Swords Dance|p2a: Gallade","|-boost|p2a: Gallade|atk|2","|","|upkeep","|turn|30","|","|t:|1613437136","|move|p2a: Gallade|Close Combat|p1a: Manaphy","|-damage|p1a: Manaphy|0 fnt","|-unboost|p2a: Gallade|def|1","|-unboost|p2a: Gallade|spd|1","|faint|p1a: Manaphy","|","|win|Necromancer777","|raw|BlueBlastBurn2's rating: 1000 &rarr; <strong>1000</strong><br />(+0 for losing)","|raw|Necromancer777's rating: 1045 &rarr; <strong>1080</strong><br />(+35 for winning)",""],"p1rating":1000,"p2rating":1080.2835602905259,"endType":"normal","timestamp":"Mon Feb 15 2021 19:58:56 GMT-0500 (Eastern Standard Time)","roomid":"battle-gen6randombattle-1039","format":"gen6randombattle"}